@misc{python,
	title="Welcome to Python [Электронный ресурс]",
    howpublished="URL: \url{https://www.python.org}. --- (Дата обращения:
    17.05.2023)"
}

@misc{tf,
	title="TensorFlow [Электронный ресурс]",
    howpublished="URL: \url{https://www.tensorflow.org/}. --- (Дата обращения:
    17.05.2023)"
}

@misc{keras,
	title="Keras: Deep Learning for humans [Электронный ресурс]",
    howpublished="URL: \url{https://keras.io/}. --- (Дата обращения:
    17.05.2023)"
}

@misc{numpy,
	title="NumPy [Электронный ресурс]",
    howpublished="URL: \url{https://numpy.org/}. --- (Дата обращения:
    17.05.2023)"
}

@misc{sqlite,
	title="SQLite Documentation[Электронный ресурс]",
    howpublished="URL: \url{https://www.sqlite.org/docs.html}. --- (Дата обращения:
    17.05.2023)"
}

@misc{c,
    title = {The GNU C Reference Manual [Электронный ресурс]},
    note = "Режим доступа URL:
    \url{https://www.gnu.org/software/gnu-c-manual/gnu-c-manual.html}. --- (Дата
    обращения: 17.05.2023)"
}

