@book{ship,
  langid    = "russian",
  author    = "Abraham Silberschatz and Henry F. Korth and S. Sudarshan",
  title     = "Database System Concepts // New~York : McGraw-Hill",
  year      = "2020",
  pages = "1344"
}

@book{amur,
  langid  = "russian",
  author    = "Григорьев, Ю. А. and Плутенко, А. Д. and Плужникова, О. Ю.",
  title     = "Реляционные базы данных и системы NoSQL: учебное пособие. //
  Благовещенск : Амурский гос. ун-т",
  year      = "2018",
  pages = "424"
}

@book{syore,
  langid  = "russian",
  author    = "{Эдвард Сьоре}",
  title     = "Проектирование и реализация систем управления базами данных // М.
  : ДМК Пресс",
  year      = "2021",
  pages = "466"
}

@book{osip,
  langid  = "russian",
  author    = "Осипов, Д. Л.",
  title     = "Технологии проектирования баз данных // M. : ДМК Пресс",
  year      = "2019",
  pages = "498"
}

@book{dama,
  langid    = "russian",
  title     = "DAMA-DMBOK : Свод знаний по управлению данными // 2-е изд.",
  address   = "M. : Олимп-Бизнес. --- 2020",
  pages = "828"
}

@article{koptenok,
  langid  = "russian",
  author  = "Коптенок, Елизавета Викторовна
             and Подвесовская, Марина Александровна
             and Хвостенко, Татьяна Михайловна
             and Кузин, Александр Владимирович",
  title   = "\textit{Коптенок~Е.~В.} Исследование способов ускорения поисковых
  запросов в базах данных",
  journal = "Вестник образовательного консорциума среднерусский университет.
             Информационные технологии",
  year    = "2019",
  number  = "№ 1(13). --- \mbox{C.~24--27}"
}

@article{idc,
  langid  = "russian",
  author  = "David Reinsel and John Gantz and John Rydning",
  title   = "The Digitization of the World From Edge to Core",
  journal = "IDC White Paper",
  year    = "2018",
}

@article{main,
  langid  = "russian",
  author  = "Tim Kraska and Alex Beutel and Ed H. Chi
             and Jeffrey Dean and Neoklis Polyzotisr",
  title   = "\textit{Kraska~T.} The Case for Learned Index Structures",
  journal = "Proceedings of the 2018 International Conference on Management of
             Data",
  pages   = "489--504",
  year    = "2018"
}

@article{bits,
  langid  = "russian",
  author  = "Носова, Татьяна Николаевна and Калугина, Ольга Борисовна",
  title   = "Использование алгоритма битовых шкал для увеличения эффективности
             поисковых запросов, обрабатывающих данные с низкой
             избирательностью",
  journal = "Электротехнические системы и комплексы",
  year    = "2018",
  pages   = "63--67",
  number  = "№ 1(38)"
}

@article{alex,
  langid  = "russian",
  author  = "Jialin Ding and Umar Farooq Minhas and Hantian Zhang and Yinan Li
  and Chi Wang and Badrish Chandramouli and Johannes Gehrke and Donald Kossmann
  and David B. Lomet",
  title   = "\textit{Ding J.} ALEX: An Updatable Adaptive Learned Index",
  journal = "Proceedings of the 2020 ACM SIGMOD International Conference on
  Management of Data",
  year    = "2020",
  pages   = "969--984",
}

@article{apex,
  langid  = "russian",
  author  = "Lu, Baotong and Ding, Jialin and Lo, Eric and Minhas, Umar Farooq
             and Wang, Tianzheng",
  title   = "\textit{Lu B.} APEX: A High-Performance Learned Index on Persistent Memory
             (Extended Version)",
  journal = "Proceedings of the VLDB Endowment",
  year    = "2022",
  pages   = "597--610",
  volume  = "15(3)",
}

@article{ulipp,
  langid  = "russian",
  author  = "Jiacheng Wu and Yong Zhang and Shimin Chen and Yu Chen and Jin Wang
             and Chunxiao Xing",
  title   = "\textit{Wu J.}~~~Updatable~~Learned~~Index~~with~~Precise~~Positions",
  journal = "Proceedings of the VLDB Endowment",
  year    = "2021",
  pages   = "1276--1288",
  volume  = "14(8)"
}

@article{pgmi,
  langid  = "russian",
  author  = "Paolo Ferragina and Giorgio Vinciguerra",
  title   = "The {PGM-index}: a fully-dynamic compressed learned~~index~~with~~provable~~worst-case~~bounds",
  journal = "{PVLDB}",
  year    = "2020",
  pages   = "1162--1175",
  volume  = "13(8)"
}

@book{arki,
  langid    = "russian",
  author    = "Wilfried Lemahieu and Seppe vanden Broucke and Bart Baesens",
  title     = "Principles of database management : the practical guide to
  storing, managing and analyzing big and small data // Cambridge : Cambridge
  University Press",
  year      = "2018",
  pages = "1843"
}

@book{encycl,
  langid    = "russian",
  title     = "Encyclopedia of Database Systems / ed. by L. Ling, M. T. Özsu //
  New York : Springer New York",
  year      = "2018",
  pages = "4866"
}

@book{squares,
  langid    = "russian",
  author    = "Michael V. Mannino",
  title     = "Database Design, Application Development, and Administration //
  Chicago : Chicago Business Press",
  year      = "2019",
  pages = "873"
}

@book{loshad,
  langid    = "russian",
  title     = "Database Reliability Engineering : Designing and Operating
               Resilient Database Systems // Sebastopol : O'Reilly Media",
  author    = "Laine Campbell and Charity Major",
  year      = "2018",
  pages = "560"
}

@book{baw,
  langid    = "russian",
  author    = "G. K. Gupta",
  title     = "Database Management Systems // Chennai : McGraw Hill Education (India) Private Limited",
  year      = "2018",
  pages     = "432"
}

@book{flatfish,
  langid    = "russian",
  author    = "Alex Petrov",
  title     = "Database Internals : A Deep Dive into How Distributed Data
               Systems Work // Sebastopol : O'Reilly Media",
  year      = "2019",
  pages = "370"
}

@book{marvel,
  langid    = "russian",
  author    = "Шустова, Л.~И. and Тараканов, О.~В.",
  title     = "Базы данных // М. : ИНФРА-М",
  year      = "2018",
  pages     = "304"
}

@article{popularity,
  langid  = "russian",
  title   = "Popularity Ranking of Database Management Systems",
  author  = "Aleem Akhtar",
  journal = "ArXiv",
  year    = "2023"
}

@article{halimon,
  langid    = "russian",
  author    = "Халимон, В.~И. and Мамаева, Г.~А.
               and Рогов, А. Ю. and Чепикова, В. Н.",
  title     = "\textit{Халимон~В.~И.} Базы данных",
  year      = "2017",
  journal   = "С-Пб.: СПбГТИ(ТУ)",
  pages     = "117"
}

@book{nndef,
  langid    = "russian",
  title     = "Нейронные сети: полный курс, 2-е издание // M. : Издательский дом
  <<Вильямс>>",
  author    = "Хайкин, С.",
  year      = "2008",
  pages     = "1103"
}

@book{deeplearning,
  langid    = "russian",
  author    = "Гудфеллоу, Я. and Бенджио, И. and Курвилль, А.",
  title     = "Глубокое обучение. // М.: ДМКПресс",
  year      = "2018",
  pages     = "652"
}
